@inproceedings{phan:oaep3round2,
  author    = {Duong Hieu Phan and David Pointcheval},
  title     = {OAEP 3-Round: A Generic and Secure Asymmetric Encryption Padding},
  booktitle = {Advances in Cryptology - ASIACRYPT 2004, 10th International
               Conference on the Theory and Application of Cryptology and
               Information Security},
  year      = {2004},
  pages     = {63--77},
  series    = {Lecture Notes in Computer Science},
  volume    = {3329},
  publisher = {Springer-Verlag},
}

@inproceedings{phan:oaep3round1,
  author    = {Duong Hieu Phan and David Pointcheval},
  title     = {Chosen-Ciphertext Security without Redundancy},
  booktitle = {Advances in Cryptology - ASIACRYPT 2003, 9th International
               Conference on the Theory and Application of Cryptology and
               Information Security},
  year      = {2003},
  pages     = {1--18},
  series    = {Lecture Notes in Computer Science},
  volume    = {2894},
  publisher = {Springer-Verlag},
}

@article{fujisaki:rsaoaepok2,
  author    = {Eiichiro Fujisaki and Tatsuaki Okamoto and David Pointcheval and Jacques Stern},
  title     = {{RSA-OAEP} Is Secure under the {RSA} Assumption},
  journal   = {Journal of Cryptology},
  volume    = {17},
  number    = {2},
  year      = {2004},
  pages     = {81--104},
  publisher = {Springer-Verlag},
}

@inproceedings{brickell:dlfactorids1,
  author    = {Ernest F. Brickell and Kevin S. McCurley},
  title     = {An Interactive Identification Scheme Based on Discrete Logarithms and Factoring},
  booktitle = {Proceedings of Advances in Cryptology - EUROCRYPT '90, Workshop on the Theory
               and Application of of Cryptographic Techniques},
  year      = {1990},
  pages     = {63--71},
  series    = {Lecture Notes in Computer Science},
  volume    = {473},
  publisher = {Springer-Verlag},
}

@article{fischer:obtransfer,
  author    = {Michael J. Fischer and Silvio Micali and Charles Rackoff},
  title     = {A Secure Protocol for the Oblivious Transfer (Extended Abstract)},
  journal   = {Journal of Cryptology},
  volume    = {9},
  number    = {3},
  year      = {1996},
  pages     = {191--195},
  publisher = {Springer-Verlag},
}


@inproceedings{bleichenbacher:pkcsbroken,
  author    = {Daniel Bleichenbacher},
  title     = {Chosen Ciphertext Attacks Against Protocols Based on the {RSA} Encryption Standard {PKCS} \#1},
  booktitle = {Proceedings of Advances in Cryptology--CRYPTO '98, 18th Annual International Cryptology Conference},
  year      = {1998},
  series    = {Lecture Notes in Computer Science},
  volume    = {1462},
  pages     = {1--12},
  publisher = {Springer-Verlag},
}

@article{hastad:1waytopseudorandom,
  author    = {Johan Hastad and Russell Impagliazzo and Leonid A. Levin and Michael Luby},
  title     = {A Pseudorandom Generator from any One-way Function},
  journal   = {SIAM Journal on Computing},
  volume    = {28},
  number    = {4},
  year      = {1999},
  pages     = {1364--1396},
  publisher = {Society for Industrial and Applied Mathematics},
}

@article{lenstra:factoring,
  author    = {Arjen K. Lenstra},
  title     = {Integer Factoring},
  journal   = {Designs, Codes and Cryptography},
  volume    = {19},
  number    = {2/3},
  year      = {2000},
  pages     = {101--128},
  publisher = {Kluwer},
}

@article{odlyzko:discretelog,
  author    = {Andrew M. Odlyzko},
  title     = {Discrete Logarithms: The Past and the Future},
  journal   = {Designs, Codes and Cryptography},
  volume    = {19},
  number    = {2/3},
  year      = {2000},
  pages     = {129--145},
  publisher = {Kluwer},
}

@article{odlyzko:factoring,
  author  = {Andrew M. Odlyzko},
  title   = {The future of integer factorization},
  journal = {CryptoBytes (The technical newsletter of RSA Laboratories)},
  volume  = {1},
  number  = {2},
  year    = {1995},
  pages   = {5--12},
}

@article{maurer:diffiehellman,
  author    = {Ueli M. Maurer and Stefan Wolf},
  title     = {The {D}iffie-{H}ellman Protocol},
  journal   = {Designs, Codes and Cryptography},
  volume    = {19},
  number    = {2/3},
  year      = {2000},
  pages     = {147--171},
  publisher = {Kluwer},
}

@article{boneh:rsaattacks,
  author  = {Dan Boneh},
  title   = {Twenty years of attacks on the {RSA} cryptosystem},
  journal = {Notices of the American Mathematical Society ({AMS})},
  volume  = {46},
  number  = {2},
  pages   = {203--213},
  year    = {1999},
}

@inproceedings{goldreich:pseudorandom1,
  author    = {Oded Goldreich and Shafi Goldwasser and Silvio Micali},
  title     = {How to construct random functions},
  booktitle = {Proceedings of FOCS '84: 25th Annual IEEE Symposium on Foundations of Computer Science},
  year      = {1984},
  publisher = {IEEE Computer Society},
}

@inproceedings{goldreich:pseudorandom2,
  author    = {Oded Goldreich and Shafi Goldwasser and Silvio Micali},
  title     = {On the Cryptographic Applications of Random Functions},
  booktitle = {Proceedings of CRYPTO '84: Advances in Cryptology},
  year      = {1984},
  pages     = {276-288},
  series    = {Lecture Notes in Computer Science},
  volume    = {196},
  publisher = {Springer-Verlag},
}

@article{goldreich:pseudorandom3,
  author    = {Oded Goldreich and Shafi Goldwasser and Silvio Micali},
  title     = {How to construct random functions},
  journal   = {Journal of the ACM},
  volume    = {33},
  number    = {4},
  year      = {1986},
  pages     = {792--807},
  publisher = {ACM Press},
}

@inproceedings{brickell:iterknapsackbroken,
  author    = {Ernest F. Brickell},
  title     = {Breaking Iterated Knapsacks},
  booktitle = {Proceedings of Advances in Cryptology--CRYPTO '84},
  year      = {1985},
  pages     = {342--358},
  series    = {Lecture Notes in Computer Science},
  volume    = {196},
  publisher = {Springer-Verlag},
}

@inproceedings{impagliazzo:nooneway,
  author    = {Russel Impagliazzo and S. Rudich},
  title     = {Limits on the provable consequences of one-way permutations},
  booktitle = {Proceedings of STOC '89: Twenty-first Annual ACM Symposium on Theory of Computing},
  year      = {1989},
  pages     = {44--61},
  publisher = {ACM Press},
}

@misc{gennaro:framework1,
  author       = {Rosario Gennaro and Yehuda Lindell},
  title        = {A Framework for Password-Based Authenticated Key Exchange},
  howpublished = {Cryptology ePrint Archive, Report 2003/032},
  year         = {2003},
  note         = {Availalbe online at \url{http://eprint.iacr.org/2003/032}},
}

@misc{ieee:p1363,
  author = {IEEE},
  title  = {Standard Specifications For Public-Key Cryptography},
  year   = {2000},
  note   = {Available online at
            \url{http://grouper.ieee.org/groups/1363/P1363/index.html}},
}

@misc{rsa:pkcs15,
  author = {{RSA Security Inc.}},
  title  = {{PKCS}\#1 {RSA} Cryptography Standard, version 2.0},
  year   = {1993},
  note   = {Available online at
            \url{ftp://ftp.rsasecurity.com/pub/pkcs/ps/pkcs-1.ps}},
}

@misc{rsa:pkcs20,
  author = {{RSA Security Inc.}},
  title  = {{PKCS}\#1 {RSA} Encryption Standard, version 1.5},
  year   = {1998},
  note   = {Available online at
            \url{ftp://ftp.rsasecurity.com/pub/pkcs/ascii/pkcs-1v2.asc}},
}

@misc{nist:des,
  author = {NIST},
  title  = {{FIPS} 46-3, {D}ata {E}ncryption {S}tandard ({DES})},
  year   = {1999},
  note   = {Available online at
            \url{http://csrc.nist.gov/publications/fips/fips46-3/fips46-3.pdf}},
}

@misc{nist:aes,
  author = {NIST},
  title  = {{FIPS} 197, {A}dvanced {E}ncryption {S}tandard ({AES})},
  year   = {2001},
  note   = {Available online at 
            \url{http://csrc.nist.gov/publications/fips/fips197/fips-197.pdf}},	
}

@misc{nist:sha1,
  author = {NIST},
  title  = {{FIPS} 180-2, {S}ecure {H}ash {S}tandard ({SHS})},
  year   = {2004},
  note   = {Available online at
            \url{http://csrc.nist.gov/publications/fips/
	    fips180-2/fips180-2withchangenotice.pdf};
	    also see \url{http://csrc.nist.gov/hash_standards_comments.pdf}},
}

@inproceedings{gennaro:framework2,
  author    = {Rosario Gennaro and Yehuda Lindell},
  title     = {A Framework for Password-Based Authenticated Key Exchange},
  booktitle = {Proceedings of Advances in Cryptology -- EUROCRYPT 2003, International Conference
               on the Theory and Applications of Cryptographic Techniques},
  year      = {2003},
  pages     = {524--543},
  series    = {Lecture Notes in Computer Science},
  volume    = {2656},
  publisher = {Springer-Verlag},
}

@inproceedings{camenisch:verifiable2,
  author    = {Jan Camenisch and Victor Shoup},
  title     = {Practical Verifiable Encryption and Decryption of Discrete Logarithms},
  booktitle = {Proceedings of Advances in Cryptology -- CRYPTO 2003, 23rd Annual International
               Cryptology Conference},
  year      = {2003},
  pages     = {126--144},
  series    = {Lecture Notes in Computer Science},
  volume    = {2729},
  publisher = {Springer-Verlag},
}

@inproceedings{paillier:decisionqr,
  author    = {Pascal Paillier},
  title     = {Public-Key Cryptosystems Based on Composite Degree Residuosity Classes},
  booktitle = {Proceedings of Advances in Cryptology - EUROCRYPT '99, International Conference
               on the Theory and Application of Cryptographic Techniques},
  year      = {1999},
  pages     = {223-238},
  series    = {Lecture Notes in Computer Science},
  volume    = {1592},
  publisher = {Springer-Verlag},
}

@misc{camenisch:verifiable1,
  author       = {Jan Camenisch and Victor Shoup},
  title        = {Practical Verifiable Encryption and Decryption of Discrete Logarithms},
  howpublished = {Cryptology ePrint Archive, Report 2002/161},
  year         = {2002},
  note         = {Available online at \url{http://eprint.iacr.org/2002/161}},
}

@misc{elkind:unified,
  author       = {Edith Elkind and Amit Sahai},
  title        = {A Unified Methodology For Constructing Public-Key Encryption 
                  Schemes Secure Against Adaptive Chosen-Ciphertext Attack},
  howpublished = {Cryptology ePrint Archive, Report 2002/042},
  year         = {2002},
  note         = {Available online at \url{http://eprint.iacr.org/2002/042}},
}

@inproceedings{desantis:robustnizk,
  author    = {Alfredo De Santis and Giovanni Di Crescenzo and Rafail Ostrovsky and
               Giuseppe Persiano and Amit Sahai},
  title     = {Robust Non-interactive Zero Knowledge},
  booktitle = {Proceedings of Advances in Cryptology - CRYPTO 2001, 21st Annual International
               Cryptology Conference},
  year      = {2001},
  pages     = {566-598},
  series    = {Lecture Notes in Computer Science},
  volume    = {2139},
  publisher = {Springer-Verlag},
}

@inproceedings{sahai:nizkcca,
  author    = {Amit Sahai},
  title     = {Non-Malleable Non-Interactive Zero Knowledge and Adaptive Chosen-Ciphertext Security},
  booktitle = {Proceedings of FOCS '99: 40th Annual IEEE Symposium on Foundations of Computer Science},
  year      = {1999},
  pages     = {543--553},
  publisher = {IEEE Computer Society},
}

@inproceedings{lindell:simplercca2,
  author    = {Yehuda Lindell},
  title     = {A Simpler Construction of {CCA2}-Secure Public-Key Encryption
               under General Assumptions},
  booktitle = {Proceedings of Advances in Cryptology - EUROCRYPT 2003, International Conference
               on the Theory and Applications of Cryptographic Techniques},
  year      = {2003},
  pages     = {241--254},
  series    = {Lecture Notes in Computer Science},
  volume    = {2656},
  publisher = {Springer-Verlag},
}

@article{feige:multnizk,
  author    = {Uriel Feige and Dror Lapidot and Adi Shamir},
  title     = {Multiple NonInteractive Zero Knowledge Proofs Under General Assumptions},
  journal   = {SIAM Journal on Computing},
  volume    = {29},
  number    = {1},
  year      = {2000},
  pages     = {1--28},
  publisher = {Society for Industrial and Applied Mathematics},
}


@inproceedings{kurosawa:newparadigm,
  author    = {Kaoru Kurosawa and Yvo Desmedt},
  title     = {A New Paradigm of Hybrid Encryption Scheme},
  booktitle = {Proceedings of Advances in Cryptology -- CRYPTO 2004: 
               24th Annual International Cryptology Conference},
  year      = {2004},
  pages     = {426--442},
  series    = {Lecture Notes in Computer Science},
  volume    = {3152},
  publisher = {Springer-Verlag},
}

@inproceedings{canetti:semanticibe,
  author    = {Ran Canetti and Shai Halevi and Jonathan Katz},
  title     = {A Forward-Secure Public-Key Encryption Scheme},
  booktitle = {Proceedings of Advances in Cryptology - EUROCRYPT 2003, International Conference
               on the Theory and Applications of Cryptographic Techniques},
  year      = {2003},
  pages     = {255--271},
  series    = {Lecture Notes in Computer Science},
  volume    = {2656},
  publisher = {Springer-Verlag},
}

@inproceedings{cocks:iberomquad,
  author    = {Clifford Cocks},
  title     = {An Identity Based Encryption Scheme Based on Quadratic Residues},
  booktitle = {Proceedings of the 8th IMA International Conference on Cryptography and Coding},
  year      = {2001},
  pages     = {360--363},
  series    = {Lecture Notes in Computer Science},
  volume    = {2260},
  publisher = {Springer-Verlag},
}

@inproceedings{boneh:ibenorom,
  author    = {Dan Boneh and Xavier Boyen},
  title     = {Secure Identity Based Encryption Without Random Oracles},
  booktitle = {Proceedings of Advances in Cryptology -- CRYPTO 2004: 
               24th Annual International Cryptology Conference},
  year      = {2004},
  pages     = {443--459},
  series    = {Lecture Notes in Computer Science},
  volume    = {3152},
  publisher = {Springer-Verlag},
}

@inproceedings{boneh:selectid,
  author    = {Dan Boneh and Xavier Boyen},
  title     = {Efficient Selective-ID Secure Identity Based Encryption Without Random Oracles},
  booktitle = {Proceedings of Advances in Cryptology -- EUROCRYPT 2004, International Conference
               on the Theory and Applications of Cryptographic Techniques},
  year      = {2004},
  pages     = {223--238},
  series    = {Lecture Notes in Computer Science},
  volume    = {3027},
  publisher = {Springer-Verlag},
}

@inproceedings{boneh:shortsigsnorom,
  author    = {Dan Boneh and Xavier Boyen},
  title     = {Short Signatures Without Random Oracles},
  booktitle = {Proceedings of Advances in Cryptology -- EUROCRYPT 2004, International Conference
               on the Theory and Applications of Cryptographic Techniques},
  year      = {2004},
  pages     = {56--73},
  series    = {Lecture Notes in Computer Science},
  volume    = {3027},
  publisher = {Springer-Verlag},
}

@inproceedings{canetti:cca2fromibe,
  author    = {Ran Canetti and Shai Halevi and Jonathan Katz},
  title     = {Chosen-Ciphertext Security from Identity-Based Encryption},
  booktitle = {Proceedings of Advances in Cryptology -- EUROCRYPT 2004, International Conference
               on the Theory and Applications of Cryptographic Techniques},
  year      = {2004},
  pages     = {207--222},
  series    = {Lecture Notes in Computer Science},
  volume    = {3027},
  publisher = {Springer-Verlag},
}

@misc{boneh:betterchk,
  author       = {Dan Boneh and Jonathan Katz},
  title        = {Improved Efficiency for {CCA}-Secure Cryptosystems Built Using Identity-Based Encryption},
  year         = {2005},
  howpublished = {To appear in proceedings of RSA-CT '05},
  note         = {Available online at \url{http://crypto.stanford.edu/~dabo/abstracts/ccaibe.html}},
}

@misc{gennaro:noteonkd,
  author       = {Rosario Gennaro and Victor Shoup},
  title        = {A Note on an Encryption Scheme of {K}urosawa and {D}esmedt},
  year         = {2004},
  howpublished = {Unpublished manuscript},
  note         = {Available online at \url{http://shoup.net/papers/kdnote.pdf}},
}

@inproceedings{boneh:shortsigs,
  author    = {Dan Boneh and Ben Lynn and Hovav Shacham},
  title     = {Short Signatures from the Weil Pairing},
  booktitle = {Proceedings of Advances in Cryptology -- ASIACRYPT 2001, 7th International
               Conference on the Theory and Application of Cryptology and Information Security},
  year      = {2001},
  pages     = {514--532},
  series    = {Lecture Notes in Computer Science},
  volume    = {2248},
  publisher = {Springer-Verlag},
}

@inproceedings{cramer:hashproofs,
  author    = {Ronald Cramer and Victor Shoup},
  title     = {Universal Hash Proofs and a Paradigm for Adaptive Chosen Ciphertext Secure Public-Key Encryption},
  booktitle = {Proceedings of Advances in Cryptology -- EUROCRYPT 2002, International Conference
               on the Theory and Applications of Cryptographic Techniques},
  year      = {2002},
  pages     = {45--64},
  series    = {Lecture Notes in Computer Science},
  volume    = {2332},
  publisher = {Springer-Verlag},
}

@inproceedings{canetti:univ,
  author    = {Ran Canetti},
  title     = {Universally Composable Security: A New Paradigm for Cryptographic Protocols},
  booktitle = {Proceedings of FOCS '01: 42nd Annual IEEE Symposium on Foundations of Computer Science},
  year      = {2001},
  pages     = {136--145},
  publisher = {IEEE Computer Society},
}

@inproceedings{canetti:lengthromfails,
  author    = {Ran Canetti and Oded Goldreich and Shai Halevi},
  title     = {On the Random-Oracle Methodology as Applied to Length-Restricted Signature Schemes},
  booktitle = {Proceedings of TCC '04: Theory of Cryptography, First Theory of Cryptography Conference},
  year      = {2004},
  pages     = {40--57},
  series    = {Lecture Notes in Computer Science},
  volume    = {2951},
  publisher = {Springer-Verlag},
}

@inproceedings{maurer:indiffability,
  author    = {Ueli M. Maurer and Renato Renner and Clemens Holenstein},
  title     = {Indifferentiability, Impossibility Results on Reductions,
               and Applications to the Random Oracle Methodology},
  booktitle = {Proceedings of TCC '04: Theory of Cryptography, First Theory of Cryptography Conference},
  year      = {2004},
  pages     = {21--39},
  series    = {Lecture Notes in Computer Science},
  volume    = {2951},
  publisher = {Springer-Verlag},
}

@inproceedings{nielsen:separating,
  author    = {Jesper Buus Nielsen},
  title     = {Separating Random Oracle Proofs from Complexity Theoretic
               Proofs: The Non-committing Encryption Case},
  booktitle = {Proceedings of Advances in Cryptology - CRYPTO 2002, 22nd Annual International
               Cryptology Conference},
  year      = {2002},
  pages     = {111--126},
  series    = {Lecture Notes in Computer Science},
  volume    = {2442},
  publisher = {Springer-Verlag},
}

@inproceedings{Damgard:CCA2,
  author    = {Ivan Damg{\aa}rd},
  title     = {Towards Practical Public Key Systems Secure Against Chosen Ciphertext Attacks},
  booktitle = {Proceedings of Advances in Cryptology - CRYPTO '91, 11th Annual International
               Cryptology Conference},
  year      = {1991},
  pages     = {445--456},
  series    = {Lecture Notes in Computer Science},
  volume    = {576},
  publisher = {Springer-Verlag},
}

@inproceedings{bellare:paware,
  author    = {Mihir Bellare and Adriana Palacio},
  title     = {Towards Plaintext-Aware Public-Key Encryption Without Random Oracles},
  booktitle = {Advances in Cryptology - ASIACRYPT 2004, 10th International
               Conference on the Theory and Application of Cryptology and
               Information Security},
  year      = {2004},
  pages     = {48--62},
  series    = {Lecture Notes in Computer Science},
  volume    = {3329},
  publisher = {Springer-Verlag},
}

@inproceedings{goldwasser:ips1,
  author    = {Shafi Goldwasser and Silvio Micali and Charles Rackoff},
  title     = {The knowledge complexity of interactive proof-systems},
  booktitle = {Proceedings of STOC '85: Seventeenth annual ACM Symposium on Theory of computing},
  year      = {1985},
  pages     = {291--304},
  publisher = {ACM Press},
}

@article{goldwasser:ips2,
  author    = {Shafi Goldwasser and Silvio Micali and Charles Rackoff},
  title     = {The Knowledge Complexity of Interactive Proof Systems},
  journal   = {SIAM Journal on Computing},
  volume    = {18},
  number    = {1},
  year      = {1989},
  pages     = {186--208},
  publisher = {SIAM},
}

@inproceedings{shoup:practid,
  author    = {Victor Shoup},
  title     = {On the Security of a Practical Identification Scheme},
  booktitle = {Proceedings of Advances in Cryptology - EUROCRYPT '96, International Conference
               on the Theory and Application of Cryptographic Techniques},
  year      = {1996},
  pages     = {344--353},
  series    = {Lecture Notes in Computer Science},
  volume    = {1070},
  publisher = {Springer-Verlag},
}

@inproceedings{ong:betterfsid,
  author    = {H. Ong and Claus-Peter Schnorr},
  title     = {Fast Signature Generation With a Fiat Shamir-Like Scheme},
  booktitle = {Proceedings of Advances in Cryptology - EUROCRYPT '90, Workshop on the Theory
               and Application of Cryptographic Techniques},
  year      = {1990},
  pages     = {432--440},
  series    = {Lecture Notes in Computer Science},
  volume    = {473},
  publisher = {Springer-Verlag},
}

@inproceedings{tsiounis:elgamal,
  author    = {Yiannis Tsiounis and Moti Yung},
  title     = {On the Security of {E}l{G}amal Based Encryption},
  booktitle = {Proceedings of PKC '98: First International Workshop on
               Practice and Theory in Public Key Cryptography},
  year      = {1998},
  pages     = {117--134},
  series    = {Lecture Notes in Computer Science},
  volume    = {1431},
  publisher = {Springer-Verlag},
}

@inproceedings{fujisaki:integration,
  author    = {Eiichiro Fujisaki and Tatsuaki Okamoto},
  title     = {Secure Integration of Asymmetric and Symmetric Encryption Schemes},
  booktitle = {Proceedings of Advances in Cryptology - CRYPTO '99, 19th Annual International
               Cryptology Conference},
  year      = {1999},
  series    = {Lecture Notes in Computer Science},
  volume    = {1666},
  pages     = {537--554},
  publisher = {Springer-Verlag},
}

@inproceedings{fujisaki:enhance,
  author    = {Eiichiro Fujisaki and Tatsuaki Okamoto},
  title     = {How to Enhance the Security of Public-Key Encryption at Minimum Cost},
  booktitle = {Proceedings of PKC '99: Second International Workshop on
               Practice and Theory in Public Key Cryptography},
  year      = {1999},
  pages     = {53--68},
  series    = {Lecture Notes in Computer Science},
  volume    = {1560},
  publisher = {Springer-Verlag},
}

@inproceedings{abdalla:dhies1,
  author    = {Michel Abdalla and Mihir Bellare and Phillip Rogaway},
  title     = {The Oracle {D}iffie-{H}ellman Assumptions and an Analysis of {DHIES}},
  booktitle = {Proceedings of Topics in Cryptology - CT-RSA 2001, The Cryptographer's
               Track at RSA Conference},
  year      = {2001},
  pages     = {143--158},
  series    = {Lecture Notes in Computer Science},
  volume    = {2020},
  publisher = {Springer-Verlag},
}

@misc{abdalla:dhies2,
  author       = {Michel Abdalla and Mihir Bellare and Phillip Rogaway},
  title        = {{DHIES}: An encryption scheme based on the {D}iffie-{H}ellman Problem},
  year         = {2001},
  howpublished = {Available online at \url{http://www.cs.ucsd.edu/users/mihir/papers/dhies.html}},
}

@misc{abdalla:dhaes,
  author       = {Michel Abdalla and Mihir Bellare and Phillip Rogaway},
  title        = {{DHAES}: An Encryption Scheme Based on the {D}iffie-{H}ellman Problem},
  howpublished = {Cryptology ePrint Archive, Report 1999/007 (url: http://eprint.iacr.org/1999/007/)},
  year         = {1999},
}

@inproceedings{bellare:gqschnorr,
  author    = {Mihir Bellare and Adriana Palacio},
  title     = {{GQ} and {S}chnorr Identification Schemes: Proofs of Security
               against Impersonation under Active and Concurrent Attacks},
  booktitle = {Advances in Cryptology - CRYPTO 2002, 22nd Annual International Cryptology Conference},
  year      = {2002},
  pages     = {162--177},
  series    = {Lecture Notes in Computer Science},
  volume    = {2442},
  publisher = {Springer-Verlag},
}

@inproceedings{elgamal:dlsigs,
  author    = {Taher ElGamal},
  title     = {A Public Key Cryptosystem and a Signature Scheme Based on
               Discrete Logarithms.},
  booktitle = {Proceedings of CRYPTO '84: Advances in Cryptology},
  year      = {1985},
  series    = {Lecture Notes in Computer Science},
  volume    = {196},
  pages     = {10--18},
  publisher = {Springer-Verlag},
}

@inproceedings{merkle:signatures,
  author    = {Ralph C. Merkle},
  title     = {A Digital Signature Based on a Conventional Encryption Function},
  booktitle = {Proceedings of Advances in Cryptology - CRYPTO '87, A Conference on the Theory
               and Applications of Cryptographic Techniques},
  series    = {Lecture Notes in Computer Science},
  volume    = {293},
  year      = {1988},
  pages     = {369--378},
  publisher = {Springer-Verlag},
}

@article{brickell:dlfactorids2,
  author    = {Ernest F. Brickell and Kevin S. McCurley},
  title     = {An Interactive Identification Scheme Based on Discrete Logarithms
               and Factoring.},
  journal   = {Journal of Cryptology},
  volume    = {5},
  number    = {1},
  year      = {1992},
  pages     = {29--39},
  publisher = {Springer-Verlag},
}

@inproceedings{fiege:0knowledgeid,
  author    = {Uriel Fiege and Amos Fiat and Adi Shamir},
  title     = {Zero knowledge proofs of identity},
  booktitle = {Proceedings of STOC '87: Nineteenth annual ACM conference on Theory of computing},
  year      = {1987},
  pages     = {210--217},
  publisher = {ACM Press},
}

@inproceedings{guillou:fastfs,
  author    = {Louis C. Guillou and Jean-Jacques Quisquater},
  title     = {A Practical Zero-Knowledge Protocol Fitted to Security 
	       Microprocessor Minimizing Both Trasmission and Memory},
  booktitle = {Proceedings of Advances in Cryptology - EUROCRYPT '88, Workshop 
	       on the Theory and Application of of Cryptographic Techniques},
  series    = {Lecture Notes in Computer Science},
  volume    = {330},
  year      = {1988},
  pages     = {123--128},
  publisher = {Spriger-Verlag},
}

@article{micali:fsexact,
  author    = {Silvio Micali and Leonid Reyzin},
  title     = {Improving the Exact Security of Digital Signature Schemes.},
  journal   = {Journal of Cryptology},
  volume    = {15},
  number    = {1},
  year      = {2002},
  pages     = {1--18},
  publisher = {Springer-Verlag},
}

@inproceedings{micali:betterfs,
  author    = {Silvio Micali and Adi Shamir},
  title     = {An Improvement of the {F}iat-{S}hamir Identification and 
	       Signature Scheme},
  booktitle = {Proceedings of Advances in Cryptology - CRYPTO '88, 8th Annual
	       International Cryptology Conference},
  year      = {1990},
  series    = {Lecture Notes in Computer Science},
  volume    = {403},
  pages     = {244--247},
  publisher = {Springer-Verlag},
}

@inproceedings{pointcheval:forking,
  author    = {David Pointcheval and Jacques Stern},
  title     = {Security Proofs for Signature Schemes},
  booktitle = {Proceedings of Advances in Cryptology - EUROCRYPT '96, International Conference
               on the Theory and Application of Cryptographic Techniques},
  series    = {Lecture Notes in Computer Science},
  volume    = {1070},
  year      = {1996},
  pages     = {387--398},
  publisher = {Springer-Verlag},
}

@inproceedings{ohta:concretefs,
  author    = {Kazuo Ohta and Tatsuaki Okamoto},
  title     = {On Concrete Security Treatment of Signatures Derived from Identification},
  booktitle = {Proceedings of Advances in Cryptology - CRYPTO '98, 18th Annual International
               Cryptology Conference},
  year      = {1998},
  series    = {Lecture Notes in Computer Science},
  volume    = {1462},
  pages     = {354--369},
  publisher = {Springer-Verlag},
}

@inproceedings{fischlin:cramershoup,
  author    = {Marc Fischlin},
  title     = {The Cramer-Shoup Strong-{RSA} Signature Scheme Revisited},
  booktitle = {Proceedings of Public Key Cryptography - PKC 2003, 6th International Workshop
               on Theory and Practice in Public Key Cryptography},
  series    = {Lecture Notes in Computer Science},
  volume    = {2567},
  year      = {2003},
  pages     = {116--129},
  publisher = {Springer-Verlag},
}

@inproceedings{dwork:fastsigs,
  author    = {Cynthia Dwork and Moni Naor},
  title     = {An Efficient Existentially Unforgeable Signature Scheme and its Applications},
  booktitle = {CRYPTO '94: Proceedings of the 14th Annual International Cryptology Conference on Advances in Cryptology},
  year      = {1994},
  series    = {Lecture Notes in Computer Science},
  volume    = {839},
  pages     = {234--246},
  publisher = {Springer-Verlag},
}

@inproceedings{goh:romcdh,
  author    = {Eu-Jin Goh and Stanis\l aw Jarecki},
  title     = {A Signature Scheme as Secure as the {D}iffie-{H}ellman Problem},
  booktitle = {Eurocrypt 2003: Proceedings of the International Conference
               on the Theory and Applications of Cryptographic Techniques`},
  pages     = {401--415},
  year      = {2003},
  series    = {Lecture Notes in Computer Science},
  volume    = {2656},
  publisher = {Springer-Verlag}
}

@inproceedings{bellare:signrsa,
  author    = {Mihir Bellare and Phillip Rogaway},
  title     = {The Exact Security of Digital Signatures -- How to Sign with {RSA} and {R}abin},
  booktitle = {EUROCRYPT '96: Proceedings of the International Conference
               on the Theory and Application of Cryptographic Techniques},
  series    = {Lecture Notes in Computer Science},
  volume    = {1070},
  year      = {1996},
  pages     = {399--416},
  publisher = {Springer-Verlag},
}

@inproceedings{rompel:1waysigs,
  author    = {J. Rompel},
  title     = {One-way functions are necessary and sufficient for secure signatures},
  booktitle = {Proceedings of STOC '90: Twenty-second Annual ACM Symposium on Theory of Computing},
  year      = {1990},
  pages     = {387--394},
  publisher = {ACM Press},
}

@inproceedings{bellare:trapdoorsigs1,
  author    = {Mihir Bellare and Silvio Micali},
  title     = {How to sign given any trapdoor function},
  booktitle = {Proceedings of STOC '88: Twentieth Annual ACM Symposium on Theory of computing},
  year      = {1988},
  pages     = {32--42},
  publisher = {ACM Press},
}

@article{bellare:trapdoorsigs2,
  author    = {Mihir Bellare and Silvio Micali},
  title     = {How to sign given any trapdoor permutation},
  journal   = {J. ACM},
  volume    = {39},
  number    = {1},
  year      = {1992},
  pages     = {214--233},
  publisher = {ACM Press},
}

@article{goldwasser:probenc2,
  author    = {Shafi Goldwasser and Silvio Micali},
  title     = {Probabilistic Encryption},
  journal   = {Journal of Computer and System Sciences},
  volume    = {28},
  number    = {2},
  pages     = {270--299},
  publisher = {Elsevier Science},
  year      = {1984},
} 

@inproceedings{goldwasser:probenc1,
  author    = {Shafi Goldwasser and Silvio Micali},
  title     = {Probabilistic encryption \& how to play mental poker keeping secret all partial information},
  booktitle = {Proceedings of STOC '82: Fourteenth Annual ACM Symposium on Theory of Computing},
  year      = {1982},
  pages     = {365--377},
  publisher = {ACM Press},
}

@inproceedings{shoup:hedge,
  author    = {Victor Shoup},
  title     = {Using Hash Functions as a Hedge against Chosen Ciphertext Attack},
  booktitle = {EUROCRYPT '00--Proceedings of the International Conference on the 
               Theory and Application of Cryptographic Techniques},
  series    = {Lecture Notes in Computer Science},
  volume    = {1807},
  pages     = {275--288},
  publisher = {Springer-Verlag},
  year      = {2000},
}

@inproceedings{boneh:ibeweil1,
  author    = {Dan Boneh and Matthew Franklin},
  title     = {Identity-Based Encryption from the Weil Pairing},
  booktitle = {CRYPTO '01: Proceedings of the 21st Annual International Cryptology Conference on 
	       Advances in Cryptology},
  year      = {2001},
  pages     = {213--229},
  series    = {Lecture Notes in Computer Science},
  volume    = {2139},
  publisher = {Springer-Verlag},
}

@article{boneh:ibeweil2,
  author    = {Dan Boneh and Matthew Franklin},
  title     = {Identity-Based Encryption from the Weil Pairing},
  journal   = {SIAM Journal on Computing},
  volume    = {32},
  number    = {3},
  year      = {2003},
  pages     = {586--615},
  publisher = {Society for Industrial and Applied Mathematics},
}

@inproceedings{boneh:simpleoaep,
  author    = {Dan Boneh},
  title     = {Simplified {OAEP} for the {RSA} and {R}abin Functions},
  booktitle = {CRYPTO '01: Proceedings of the 21st Annual International Cryptology Conference on Advances in Cryptology},
  series    = {Lecture Notes in Computer Science},
  volume    = {2139},
  year      = {2001},
  pages     = {275--291},
  publisher = {Springer-Verlag},
}

@inproceedings{fujisaki:rsaoaepok1,
  author    = {Eiichiro Fujisaki and Tatsuaki Okamoto and David Pointcheval and Jacques Stern},
  title     = {{RSA-OAEP} Is Secure under the {RSA} Assumption},
  booktitle = {CRYPTO '01: Proceedings of the 21st Annual International Cryptology Conference on Advances in Cryptology},
  year      = {2001},
  pages     = {260--274},
  series    = {Lecture Notes in Computer Science},
  volume    = {2139},
  publisher = {Springer-Verlag},
}

@inproceedings{bellare:noninterzk,
  author    = {Mihir Bellare and Shafi Goldwasser},
  title     = {New paradigms for digital signatures and message authentication 
	       based on non-interactive zero knowledge proofs},
  booktitle = {CRYPTO '89: Proceedings on Advances in cryptology},
  year      = {1989},
  pages     = {194--211},
  series    = {Lecture Notes in Computer Science},
  volume    = {435},
  publisher = {Springer-Verlag New York, Inc.},
}

@inproceedings{naor:cca1,
  author    = {M. Naor and M. Yung},
  title     = {Public-key cryptosystems provably secure against chosen ciphertext attacks},
  booktitle = {Proceedings of STOC '90: Twenty-second Annual ACM Symposium on Theory of Computing},
  year      = {1990},
  pages     = {427--437},
  publisher = {ACM Press},
}

@inproceedings{schnorr:discretelogfs,
  author    = {Claus-Peter Schnorr},
  title     = {Efficient identification and signatures for smart cards},
  booktitle = {Proceedings on Advances in cryptology---CRYPTO '89},
  series    = {Lecture Notes in Computer Science},
  volume    = {435},
  year      = {1989},
  pages     = {239--252},
  publisher = {Springer-Verlag},
} 

@inproceedings{naor:universal,
  author    = {M. Naor and M. Yung},
  title     = {Universal one-way hash functions and their cryptographic applications},
  booktitle = {Proceedings of STOC '89: Twenty-first Annual ACM Symposium on Theory of Computing},
  year      = {1989},
  pages     = {33--43},
  publisher = {ACM Press},
}

@inproceedings{gennaro:fastsigs,
  author    = {Rosario Gennaro and Shai Halevi and Tal Rabin},
  title     = {Secure Hash-and-Sign Signatures Without the Random Oracle},
  booktitle = {Proceedings of Advances in Cryptology---EUROCRYPT'99: 
               International Conference on the Theory and Application of Cryptographic Techniques},
  series    = {Lecture Notes in Computer Science},
  year      = {1999},
  volume    = {1592},
  pages     = {123--139},
  publisher = {Springer-Verlag},
}

@article{goldwasser:signatures2,
  author    = {Shafi Goldwasser and Silvio Micali and Ron L. Rivest},
  title     = {A Digital Signature Scheme Secure Against Adaptive Chosen-Message Attacks},
  journal   = {SIAM Journal on Computing},
  volume    = {17},
  number    = {2},
  pages     = {281--308},
  year      = {1988},
  publisher = {Society for Industrial and Applied Mathematics},
}

@inproceedings{okamoto:discretelogfs,
  author    = {Tatsuaki Okamoto},
  title     = {Provably Secure and Practical Identification Schemes and Corresponding Signature Schemes},
  booktitle = {Proceedings of the 12th Annual International Cryptology
               Conference on Advances in Cryptology---CRYPTO '92},
  year      = {1993},
  series    = {Lecture Notes in Computer Science},
  volume    = {740},
  pages     = {31--53},
  publisher = {Springer-Verlag},
}

@inproceedings{goldwasser:signatures1,
  author    = {Shafi Goldwasser and Silvio Micali and Ron L. Rivest},
  title     = {A Paradoxical Solution to the Signature Problem},
  booktitle = {Proceedings of FOCS'84: 25th Annual IEEE Symposium on Foundations of Computer Science},
  year      = {1984},
  pages     = {441--449},
  publisher = {IEEE Computer Society},
}

@inproceedings{cramer:fastsigs,
  author    = {Ronald Cramer and Ivan Damg\aa rd},
  title     = {New Generation of Secure and Practical {RSA}-Based Signatures},
  booktitle = {Proceedings of the 16th Annual International Cryptology 
               Conference on Advances in Cryptology---CRYPTO '96},
  year      = {1996},
  pages     = {173--185},
  series    = {Lecture Notes in Computer Science},
  volume    = {1109},
  publisher = {Springer-Verlag}
}

@inproceedings{shoup:oaepbad,
  author    = {Victor Shoup},
  title     = {{OAEP} Reconsidered},
  booktitle = {CRYPTO '01: Proceedings of the 21st Annual International Cryptology Conference on Advances in Cryptology},
  year      = {2001},
  pages     = {239--259},
  series    = {Lecture Notes in Computer Science},
  volume    = {2139},
  publisher = {Springer-Verlag},
}

@inproceedings{cramer:signatures2,
  author    = {Ronald Cramer and Victor Shoup},
  title     = {Signature schemes based on the strong {RSA} assumption},
  booktitle = {Proceedings of the 6th {ACM} conference on Computer and
	       Communications Cecurity---CCS '99},
  year      = {1999},
  pages     = {46--51},
  publisher = {ACM Press},
}

@inproceedings{rackoff:cca2,
  author    = {Charles Rackoff and Daniel R. Simon},
  title     = {Non-Interactive Zero-Knowledge Proof of Knowledge and Chosen Ciphertext Attack},
  booktitle = {Proceedings of the 11th Annual International Cryptology
               Conference on Advances in Cryptology---CRYPTO '91},
  series    = {Lecture Notes in Computer Science},
  volume    = {576},
  year      = {1992},
  pages     = {433--444},
  publisher = {Springer-Verlag},
}

@inproceedings{dolev:nonmalleable1,
  author    = {Danny Dolev and Cynthia Dwork and Moni Naor},
  title     = {Non-malleable cryptography},
  booktitle = {Proceedings of STOC '91: Twenty-third Annual ACM Symposium on Theory of Computing},
  year      = {1991},
  pages     = {542--552},
  publisher = {ACM Press},
}

@inproceedings{dwork:signatures,
  author    = {Cynthia Dwork and Moni Naor},
  title     = {An Efficient Existentially Unforgeable Signature Scheme and its Applications},
  booktitle = {Proceedings of the 14th Annual International Cryptology
               Conference on Advances in Cryptology---CRYPTO '94},
  year      = {1994},
  pages     = {234--246},
  series    = {Lecture Notes in Computer Science},
  volume    = {839},
  publisher = {Springer-Verlag},
}

@article{dolev:nonmalleable2,
  author    = {Danny Dolev and Cynthia Dwork and Moni Naor},
  title     = {Nonmalleable Cryptography},
  journal   = {SIAM Journal on Computing},
  volume    = {30},
  number    = {2},
  year      = {2000},
  pages     = {391--437},
  publisher = {Society for Industrial and Applied Mathematics}
}

@inproceedings{blum:noninterzerok,
  author    = {Manuel Blum and Paul Feldman and Silvio Micali},
  title     = {Non-interactive zero-knowledge and its applications},
  booktitle = {Proceedings of STOC '88: Twentieth Annual ACM Symposium on Theory of Computing},
  year      = {1988},
  pages     = {103--112},
  publisher = {ACM Press}
}

@inproceedings{cramer:cca2secure,
  author    = {Ronald Cramer and Victor Shoup},
  title     = {A Practical Public Key Cryptosystem Provably Secure Against Adaptive Chosen Ciphertext Attack},
  booktitle = {Proceedings of the 18th Annual International
               Cryptology Conference on Advances in Cryptology---CRYPTO '98},
  series    = {Lecture Notes in Computer Science},
  volume    = {1462},
  year      = {1998},
  pages     = {13--25},
  publisher = {Springer-Verlag},
}

@inproceedings{barak:nonblackbox,
  author    = {Boaz Barak},
  title     = {How to Go Beyond the Black-Box Simulation Barrier},
  booktitle = {Proceedings of FOCS '01: 42nd IEEE symposium on Foundations of Computer Science},
  year      = {2001},
  pages     = {106--115},
  publisher = {IEEE Computer Society}
}


@inproceedings{rackoff:chosenciphertext,
  author    = {Charles Rackoff and Daniel R. Simon},
  title     = {Non-Interactive Zero-Knowledge Proof of Knowledge and Chosen Ciphertext Attack},
  booktitle = {Proceedings of the 11th Annual International
               Cryptology Conference on Advances in Cryptology---CRYPTO '92},
  year      = {1992},
  pages     = {433--444},
  publisher = {Springer-Verlag},
}

@book{goldreich:foundations1,
  author    = {Oded Goldreich},
  title     = {Foundations of Cryptography: Basic Tools},
  year      = {2001},
  publisher = {Cambridge University Press}
}

@article{micali:csproofs1,
  author    = {Silvio Micali},
  title     = {Computationally Sound Proofs},
  journal   = {SIAM Journal on Computing},
  volume    = {30},
  number    = {4},
  year      = {2000},
  pages     = {1253--1298},
  publisher = {Society for Industrial and Applied Mathematics}
}

@inproceedings{bellare:noromsig,
  author    = {Mihir Bellare and Alexandra Boldyreva and Adriana Palacio},
  title     = {An Uninstantiable Random-Oracle-Model Scheme for a Hybrid-Encryption Problem},
  booktitle = {Proceedings of Advances in Cryptology---EUROCRYPT 2004, 
               International Conference on the Theory and Applications of Cryptographic Techniques},
  series    = {Lecture Notes in Computer Science},
  volume    = {3027},
  year      = {2004},
  pages     = {171--188},
  publisher = {Springer-Verlag}
}

@inproceedings{bellare:minroms,
  author    = {Mihir Bellare and Phillip Rogaway},
  title     = {Minimizing the Use of Random Oracles in Authenticated Encryption Schemes},
  booktitle = {ICICS '97: International Conference on Information and Communications Security}, 
  series    = {Lecture Notes in Computer Science},
  volume    = {1334},
  pages     = {1--16},
  year      = {1997},
  publisher = {Springer-Verlag},
}

@inproceedings{bellare:oaep,
  author    = {Mihir Bellare and Phillip Rogaway},
  title     = {Optimal Assymetric Encryption},
  booktitle = {Proceedings of Advances in Cryptology---EUROCRYPT '94,
               Workshop on the Theory and Application of Cryptographic Techniques},
  series    = {Lecture Notes in Computer Science},
  volume    = {950},
  year      = {1994},
  pages     = {92--111},
  publisher = {Springer-Verlag}
}

@inproceedings{merkle:tree,
  author    = {Ralph C. Merkle},
  title     = {A Certified Digital Signature: That Antique Paper from 1979},
  booktitle = {Proceedings of Advances in Cryptology---CRYPTO '89, 9th 
               Annual International Cryptology Conference},
  series    = {Lecture Notes in Computer Science},
  volume    = {435},
  year      = {1990},
  pages     = {218--238},
  publisher = {Springer-Verlag}
}

@inproceedings{nielsen:noromenc,
  author    = {Jesper Buus Nielsen},
  title     = {Separating Random Oracle Proofs from Complexity Theoretic
               Proofs: The Non-committing Encryption Case},
  booktitle = {Proceedings of Advances in Cryptology - CRYPTO 2002, 22nd 
               Annual International Cryptology Conference},
  series    = {Lecture Notes in Computer Science},
  volume    = {2442},
  year      = {2002},
  pages     = {111--126},
  publisher = {Springer-Verlag},
}

@inproceedings{barak:universalarguments,
  author    = {Boaz Barak and Oded Goldreich},
  title     = {Universal Arguments and their Applications},
  booktitle = {Proceedings of the 17th IEEE Annual Conference on Computational Complexity---CCC '02},
  year      = {2002},
  pages     = {162--171},
  publisher = {IEEE Computer Society},
}

@inproceedings{micali:csproofs2,
  author    = {Silvio Micali},
  booktitle = {Proceedings of FOCS '94: 35th Annual IEEE Symposium on Foundations of Computer Science},
  title     = {{CS} proofs},
  year      = {1994},
  pages     = {436--453},
  publisher = {IEEE Computer Society},
}

@inproceedings{goldwasser:fsparadigmfails,
  author    = {Shafi Goldwasser and Tauman Kalai, Yael},
  title     = {On the (In)security of the {F}iat-{S}hamir Paradigm},
  booktitle = {Proceedings of FOCS '03: 44th Annual IEEE Symposium on Foundations of Computer Science},
  year      = {2003},
  pages     = {102--113},
  publisher = {IEEE Computer Society},
}

@inproceedings{bellare:rompractical,
  author    = {Mihir Bellare and Phillip Rogaway},
  title     = {Random oracles are practical: a paradigm for designing efficient protocols},
  booktitle = {Proceedings of the 1st ACM conference on Computer and 
               communications security---CCS '93},
  year      = {1993},
  pages     = {62--73},
  publisher = {ACM Press},
}

@inproceedings{canetti:romfails,
  author    = {Ran Canetti and Oded Goldreich and Shai Halevi},
  title     = {The random oracle methodology, revisited (preliminary version)},
  booktitle = {Proceedings of STOC '98: Thirtieth Annual ACM Symposium on Theory of Computing},
  year      = {1998},
  pages     = {209--218},
  publisher = {ACM Press},
}

@inproceedings{canetti:hideinfo,
  author    = {Ran Canetti},
  title     = {Towards Realizing Random Oracles: Hash Functions that Hide All Partial Information},
  booktitle = {Proceedings of Advances in cryptology---CRYPTO '97},
  series    = {Lecture Notes in Computer Science},
  volume    = {1294},
  pages     = {455--469},
  year      = {1997},
  publisher = {Springer-Verlag},
}

@inproceedings{canetti:perfecthash,
  author    = {Ran Canetti and Daniele Micciancio and Omer Reingold},
  title     = {Perfectly one-way probabilistic hash functions (preliminary version)},
  booktitle = {Proceedings of STOC '98: Thirtieth Annual ACM Symposium on Theory of Computing},
  year      = {1998},
  pages     = {131--140},
  publisher = {ACM Press},
}

@inproceedings{fiat:fsparadigm,
  author    = {Amos Fiat and Adi Shamir},
  title     = {How to prove yourself: practical solutions to identification 
               and signature problems},
  booktitle = {Proceedings of Advances in cryptology---CRYPTO '86},
  series    = {Lecture Notes in Computer Science},
  volume    = {263},
  year      = {1987},
  pages     = {186--194},
  publisher = {Springer-Verlag},
}

@inproceedings{abdalla:fiatshamirrom,
  author    = {Michel Abdalla and Jee Hea An and Mihir Bellare and Chanathip Namprempre},
  title     = {From Identification to Signatures via the {F}iat-{S}hamir 
	       Transform: Minimizing Assumptions for Security and Forward-Security},
  booktitle = {Proceedings of the International Conference on 
	       the Theory and Applications of Cryptographic Techniques},
  year      = {2002},
  pages     = {418--433},
  publisher = {Springer-Verlag},
}

